@article{fortney_2011,
	author = "J. J. Fortney and M. Ikoma and N. Nettelmann and T. Guillot  and M. S. Marley",
	title = "Self-Consistent Model Atmospheres and the Cooling of the Solar System's Giant Planets",
	journal = "The Astrophysical Journal",
    volume = "729",
	pages = "32 ",
    year = "2011"
}

@article{friedson_2017,
	author = "A. James Friedson and Erica J. Gonzales",
	title = "Inhibition of ordinary and diffusive convection in the water condensation zone of the ice giants and implications for their thermal evolution",
	journal = "Icarus",
	volume = "297",
	pages = "160-178",
	year = "2017"
}

@article{leconte_2017,
	author = "Jérémy Leconte and Franck Selsis and Franck Hersant and Tristan Guillot",
	title = "Condensation-inhibited convection in hydrogen-rich atmospheres: Stability against double-diffusive processes and thermal profiles for Jupiter, Saturn, Uranus, and Neptune",
	journal = "Astronomy and Astrophysics",
	volume = "A98",
	pages = "598",
	year = "2017"
}

@article{graboske_1975,
	author = "Harold C. Graboske, Jr., James B. Pollack, Allan S. Grossman, and Robert J. Olness",
	title = "The Structure and Evolution of Jupiter: The Fluid Contraction",
	journal = "The Astrophysical Journal",
	volume = "199",
	pages = "265-281",
	year = "1975"
}

@article{pollack_1977,
	author = "James B. Pollack, Allan S. Grossman, Ronald Moore, and Harold C. Graboske, Jr.",
	title = "A Calculation of Saturn's Gravitational Contraction History",
	journal = "Icarus",
	volume = "30",
	pages = "111-128",
	year = "1977"
}

@article{guillot_2019,
	author = "Guillot, Tristan",
	year = "2019",
	journal = "arXiv.org",
	month = "08",
	pages = "",
	title = "Uranus and Neptune are key to understand planets with hydrogen atmospheres"
}

@article{guillot_1995,
	author = "Guillot, Tristan",
	year = "1995",
	journal = "Science",
	month = "09",
	pages = "1697-1699",
	title = "Condensation of methane, ammonia, and water and the inhibition of convection in giant planets"
}

@article{low_1966,
	author = "Low, Frank",
	year = "1966",
	journal = "Astronomical Journal",
	volume = "71",
	pages = "391",
	title = "Observations of Venus, Jupiter, and Saturn at wavelength 20 microns"
}

@article{hubbard_1968,
	author = "W.B. Hubbard",
	title = "Thermal Structure of Jupiter",
	journal = "The Astrophysical Journal",
	volume = "152",
	pages = "745-754",
	year = "1967"
}

@article{hubbard_1977,
	author = "W.B. Hubbard",
	title = "The Jovian Surface Condition and Cooling Rate",
	journal = "Icarus",
	volume = ", 30",
	pages = "305-310",
	year = "1977"
}

@article{wildt_1947,
	author = "Rupert Wildt",
	title = "The Constitution of the planets (Council Report on the progress of astronomy)",
	journal = "Monthly Notices of the Royal Astronomical Society",
	volume = ", 107",
	pages = "84",
	year = "1947"
}

@article{demarcus_1958,
	author = "DeMarcus, Wendell",
	year = "1958",
	journal = "Astronomical Journal",
	volume = "63",
	pages = "2-27",
	title = "The Constitution of Jupiter amd Saturn"
}

@article{podolak_1991,
	author = "M. Podolak, W.B. Hubbard, D.J. Stevenson",
	year = "1991",
	journal = "Uranus, Editors: J.T. Bergstralh, E.D. Miner, M. Shapely Matthews",
	volume = "",
	pages = "29",
	title = "Models of Uranus' Interior and Magnetic Field"
}

@article{hubbard_1995,
	author = "W.B. Hubbard, D.J. Stevenson",
	year = "1995",
	journal = "Neptune and Triton, Editor: D.P. Kruikshank",
	volume = "",
	pages = "109",
	title = "The Interior of Neptune"
}

@article{scheibe_2019,
	author = "L. Scheibe, N Nettelmann, R. Redmer",
	year = "2019",
	journal = "Astronomy and Astrophysics",
	volume = "A70",
	pages = "632",
	title = "Thermal Evolution of Uranus and Neptune: Adiabatic Models"
}


